<record><leader>00000cas a2200000 a 4500</leader><controlfield tag="001">10306563</controlfield><controlfield tag="008">840117d19831987kyuwr ne      0   a0eng d</controlfield><datafield ind1=" " ind2=" " tag="010"><subfield code="a">sn 84007949 </subfield></datafield><datafield ind1=" " ind2=" " tag="040"><subfield code="a">NSD</subfield><subfield code="b">eng</subfield><subfield code="c">NSD</subfield><subfield code="d">KNP</subfield><subfield code="d">OCL</subfield><subfield code="d">OCLCQ</subfield><subfield code="d">KYUBL</subfield><subfield code="d">OCLCQ</subfield><subfield code="d">OCLCF</subfield><subfield code="d">OCLCO</subfield></datafield><datafield ind1=" " ind2=" " tag="012"><subfield code="m">1</subfield></datafield><datafield ind1="1" ind2=" " tag="022"><subfield code="a">0746-8113</subfield><subfield code="l">0746-8113</subfield><subfield code="2">1</subfield></datafield><datafield ind1="1" ind2=" " tag="029"><subfield code="a">AU@</subfield><subfield code="b">000020417783</subfield></datafield><datafield ind1=" " ind2=" " tag="032"><subfield code="a">336480</subfield><subfield code="b">USPS</subfield></datafield><datafield ind1=" " ind2=" " tag="037"><subfield code="b">The Messenger, P.O. Box 612, Brandenburg, Ky 40108</subfield></datafield><datafield ind1=" " ind2=" " tag="042"><subfield code="a">nsdp</subfield></datafield><datafield ind1=" " ind2=" " tag="043"><subfield code="a">n-us-ky</subfield></datafield><datafield ind1="0" ind2=" " tag="130"><subfield code="a">Messenger (Brandenburg, Ky.)</subfield></datafield><datafield ind1=" " ind2="4" tag="222"><subfield code="a">The Messenger</subfield><subfield code="b">(Brandenburg, Ky.)</subfield></datafield><datafield ind1="1" ind2="4" tag="245"><subfield code="a">The messenger.</subfield></datafield><datafield ind1=" " ind2=" " tag="260"><subfield code="a">Brandenburg, Ky. :</subfield><subfield code="b">Gene Smith,</subfield><subfield code="c">1983-1987.</subfield></datafield><datafield ind1=" " ind2=" " tag="310"><subfield code="a">Weekly</subfield></datafield><datafield ind1="0" ind2=" " tag="362"><subfield code="a">Vol. 91, no. 49 (Dec. 7, 1983)-v. 95, no. 27 (July 8, 1987).</subfield></datafield><datafield ind1=" " ind2="0" tag="651"><subfield code="a">Brandenburg (Ky.)</subfield><subfield code="v">Newspapers.</subfield></datafield><datafield ind1=" " ind2="0" tag="651"><subfield code="a">Meade County (Ky.)</subfield><subfield code="v">Newspapers.</subfield></datafield><datafield ind1=" " ind2="7" tag="655"><subfield code="a">Newspapers.</subfield><subfield code="2">fast</subfield><subfield code="0">(OCoLC)fst01423814</subfield></datafield><datafield ind1=" " ind2="7" tag="651"><subfield code="a">Kentucky</subfield><subfield code="z">Brandenburg.</subfield><subfield code="2">fast</subfield><subfield code="0">(OCoLC)fst01220018</subfield></datafield><datafield ind1=" " ind2="7" tag="651"><subfield code="a">Kentucky</subfield><subfield code="z">Meade County.</subfield><subfield code="2">fast</subfield><subfield code="0">(OCoLC)fst01207024</subfield></datafield><datafield ind1=" " ind2=" " tag="752"><subfield code="a">United States</subfield><subfield code="b">Kentucky</subfield><subfield code="c">Meade</subfield><subfield code="d">Brandenburg.</subfield></datafield><datafield ind1="0" ind2="0" tag="780"><subfield code="t">Meade County messenger (Brandenburg, Ky. : 1893)</subfield><subfield code="w">(DLC)sn 86069293</subfield></datafield><datafield ind1="0" ind2="0" tag="785"><subfield code="t">Meade County messenger (Brandenburg, Ky. : 1987)</subfield><subfield code="w">(DLC)sn 87060307</subfield></datafield><datafield ind1=" " ind2=" " tag="936"><subfield code="a">Dec. 29, 1983</subfield></datafield></record>